<record><leader>00000cas a2200000 a 4500</leader><controlfield tag="001">1769558</controlfield><controlfield tag="007">hd afv---baca</controlfield><controlfield tag="008">751101d18141821ohuwx nea     0    0eng d</controlfield><datafield ind1=" " ind2=" " tag="010"><subfield code="a">sf 88090209 </subfield></datafield><datafield ind1=" " ind2=" " tag="040"><subfield code="a">MUL</subfield><subfield code="b">eng</subfield><subfield code="c">MUL</subfield><subfield code="d">PES</subfield><subfield code="d">DLC</subfield><subfield code="d">FUG</subfield><subfield code="d">OCL</subfield><subfield code="d">DLC</subfield><subfield code="d">OCLCQ</subfield><subfield code="d">OCLCF</subfield><subfield code="d">OCLCO</subfield><subfield code="d">OCLCQ</subfield><subfield code="d">OCLCA</subfield></datafield><datafield ind1=" " ind2=" " tag="042"><subfield code="a">msc</subfield></datafield><datafield ind1=" " ind2=" " tag="043"><subfield code="a">n-us-oh</subfield></datafield><datafield ind1="0" ind2="0" tag="050"><subfield code="a">Microfilm 01104 no. 248-250 AP</subfield></datafield><datafield ind1="0" ind2="4" tag="082"><subfield code="a">051</subfield><subfield code="b">A51p2</subfield></datafield><datafield ind1="0" ind2=" " tag="130"><subfield code="a">Weekly recorder (Chillicothe, Ohio)</subfield></datafield><datafield ind1="1" ind2="4" tag="245"><subfield code="a">The weekly recorder.</subfield></datafield><datafield ind1=" " ind2=" " tag="260"><subfield code="a">Chillicothe, Ohio :</subfield><subfield code="b">John Andrews,</subfield><subfield code="c">1814-1821.</subfield></datafield><datafield ind1=" " ind2=" " tag="300"><subfield code="a">7 volumes ;</subfield><subfield code="c">30 cm</subfield></datafield><datafield ind1=" " ind2=" " tag="310"><subfield code="a">Weekly (irregular)</subfield></datafield><datafield ind1=" " ind2=" " tag="336"><subfield code="a">text</subfield><subfield code="b">txt</subfield><subfield code="2">rdacontent</subfield></datafield><datafield ind1=" " ind2=" " tag="337"><subfield code="a">microform</subfield><subfield code="b">h</subfield><subfield code="2">rdamedia</subfield></datafield><datafield ind1=" " ind2=" " tag="338"><subfield code="a">microfilm reel</subfield><subfield code="b">hd</subfield><subfield code="2">rdacarrier</subfield></datafield><datafield ind1="0" ind2=" " tag="362"><subfield code="a">Vol. 1, no. 1 (July 5, 1814)-v. 7, no. 52 (Oct. 6, 1821).</subfield></datafield><datafield ind1=" " ind2=" " tag="500"><subfield code="a">"A newspaper conveying important intelligence and other useful matter under the three general heads of theology, literature, and national affairs."</subfield></datafield><datafield ind1=" " ind2=" " tag="500"><subfield code="a">The Weekly Recorder was concerned primarily with theology, literature, and national affairs. Theological material included a variety of religious news, Bible studies, essays on doctrine, and biographies; and attention was also given to literary news, articles on education and history, news of recent inventions, and geographical sketches. The area of national affairs was given comprehensive coverage, and foreign and naval news were also included. There was occasional religious, moral, and humorous poetry. Cf. American periodicals, 1741-1900.</subfield></datafield><datafield ind1=" " ind2=" " tag="500"><subfield code="a">"Presbyterian."</subfield></datafield><datafield ind1=" " ind2=" " tag="515"><subfield code="a">Vols. for July 11, 1815-Oct. 6, 1821 also called whole no. 53-364.</subfield></datafield><datafield ind1=" " ind2=" " tag="533"><subfield code="a">Microfilm.</subfield><subfield code="b">Ann Arbor, Mich. :</subfield><subfield code="c">University Microfilms,</subfield><subfield code="d">1949.</subfield><subfield code="e">3 microfilm reels ; 35 mm.</subfield><subfield code="f">(American periodical series, 1800-1850 ; 248-250).</subfield></datafield><datafield ind1="2" ind2="0" tag="610"><subfield code="a">Presbyterian Church in the U.S.A.</subfield><subfield code="v">Newspapers.</subfield></datafield><datafield ind1=" " ind2="0" tag="651"><subfield code="a">Chillicothe (Ross County, Ohio)</subfield><subfield code="v">Newspapers.</subfield></datafield><datafield ind1=" " ind2="0" tag="651"><subfield code="a">Ross County (Ohio)</subfield><subfield code="v">Newspapers.</subfield></datafield><datafield ind1="2" ind2="7" tag="610"><subfield code="a">Presbyterian Church in the U.S.A.</subfield><subfield code="2">fast</subfield><subfield code="0">(OCoLC)fst00549643</subfield></datafield><datafield ind1=" " ind2="7" tag="651"><subfield code="a">Ohio</subfield><subfield code="z">Chillicothe (Ross County)</subfield><subfield code="2">fast</subfield><subfield code="0">(OCoLC)fst01312400</subfield></datafield><datafield ind1=" " ind2="7" tag="651"><subfield code="a">Ohio</subfield><subfield code="z">Ross County.</subfield><subfield code="2">fast</subfield><subfield code="0">(OCoLC)fst01213452</subfield></datafield><datafield ind1=" " ind2="7" tag="655"><subfield code="a">Newspapers.</subfield><subfield code="2">fast</subfield><subfield code="0">(OCoLC)fst01423814</subfield></datafield><datafield ind1=" " ind2=" " tag="752"><subfield code="a">United States</subfield><subfield code="b">Ohio</subfield><subfield code="c">Ross</subfield><subfield code="d">Chillicothe.</subfield></datafield><datafield ind1="1" ind2=" " tag="776"><subfield code="c">Original</subfield><subfield code="w">(DLC)sn 83035095</subfield><subfield code="w">(OCoLC)9417713</subfield></datafield><datafield ind1="0" ind2="0" tag="785"><subfield code="t">Pittsburgh recorder</subfield><subfield code="w">(DLC)sf 88094034</subfield><subfield code="w">(OCoLC)9909541</subfield></datafield><datafield ind1=" " ind2="0" tag="830"><subfield code="a">American periodical series, 1800-1850 ;</subfield><subfield code="v">248-250.</subfield></datafield><datafield ind1="1" ind2=" " tag="029"><subfield code="a">AU@</subfield><subfield code="b">000020128492</subfield></datafield></record>